<?xml version="1.0" encoding="UTF-8"?>
<collection xmlns:xsi="http://www.w3.org/2001/XMLSchema-instance" xsi:schemaLocation="http://www.loc.gov/MARC21/slim http://www.loc.gov/standards/marcxml/schema/MARC21slim.xsd" xmlns="http://www.loc.gov/MARC21/slim">
<record>
  <leader>01580cam a2200301   4500</leader>
  <controlfield tag="001">2488991</controlfield>
  <controlfield tag="003">NNC</controlfield>
  <controlfield tag="005">20121018033723.0</controlfield>
  <controlfield tag="008">870630m19511969ua c          000 0 ara  </controlfield>
  <datafield tag="010" ind1=" " ind2=" ">
    <subfield code="a">   79961719 /ne</subfield>
  </datafield>
  <datafield tag="035" ind1=" " ind2=" ">
    <subfield code="a">(OCoLC)ocm16110512</subfield>
  </datafield>
  <datafield tag="035" ind1=" " ind2=" ">
    <subfield code="9">AQE0391CU</subfield>
  </datafield>
  <datafield tag="035" ind1=" " ind2=" ">
    <subfield code="a">(NNC)2488991</subfield>
  </datafield>
  <datafield tag="040" ind1=" " ind2=" ">
    <subfield code="a">DLC</subfield>
    <subfield code="c">IXA</subfield>
    <subfield code="d">IXA</subfield>
    <subfield code="d">ZCU</subfield>
  </datafield>
  <datafield tag="050" ind1=" " ind2=" ">
    <subfield code="a">BX137.A5</subfield>
    <subfield code="b">A7 1969b</subfield>
  </datafield>
  <datafield tag="110" ind1="2" ind2=" ">
    <subfield code="a">Coptic Church.</subfield>
  </datafield>
  <datafield tag="240" ind1="0" ind2="0">
    <subfield code="a">Sankasār.</subfield>
    <subfield code="l">Arabic</subfield>
  </datafield>
  <datafield tag="245" ind1="1" ind2="0">
    <subfield code="a">Kitāb al-Sankasār al-jāmiʻ li-akhbār al-anbiyāʾ wa-al-rusul wa-al-shuhadāʾ wa-al-qiddīsīn al-mustaʻmal fī Kanāʾis al-Karāzah al-Marqasīyah fī ayyām wa-Āḥād al-sanah al-Tūtīyah,</subfield>
    <subfield code="c">waḍʻ al-Anbā Buṭrus al-Jamīl asqaf Malīj wa-al-Anbā Mīkhāʾīl asqaf Atrīb wa-al-Anbā Yuḥannā asqaf al-Barlis wa-ghayrahum min al-Ābāʾ al-qiddīsīn.</subfield>
  </datafield>
  <datafield tag="250" ind1=" " ind2=" ">
    <subfield code="a">[al-Ṭabʻah 2]</subfield>
  </datafield>
  <datafield tag="260" ind1=" " ind2=" ">
    <subfield code="a">al-Qāhirah,</subfield>
    <subfield code="b">Maktabat al-Maḥabbah al-Qubṭīyah al-Arthūdhuksīyah</subfield>
    <subfield code="c">[1951-[69]</subfield>
  </datafield>
  <datafield tag="300" ind1=" " ind2=" ">
    <subfield code="a">2 v.</subfield>
    <subfield code="b">ports.</subfield>
    <subfield code="c">29 cm.</subfield>
  </datafield>
  <datafield tag="500" ind1=" " ind2=" ">
    <subfield code="a">Title in Coptic at head of title.</subfield>
  </datafield>
  <datafield tag="500" ind1=" " ind2=" ">
    <subfield code="a">Authorship traditionally attributed, in whole or in part, to Michael, Bishop of Atrib and Malig. Cf. Graf, G. Gesch, d. christl. arb. Lit., v. 2 (1947) p. 416 f.</subfield>
  </datafield>
  <datafield tag="500" ind1=" " ind2=" ">
    <subfield code="a">Vol. 2 revised by Kāmil Ṣāliḥ Nakhlah.</subfield>
  </datafield>
  <datafield tag="505" ind1="0" ind2=" ">
    <subfield code="a">Juzʾ 1. Min awwal shahr Tūt ḥattá nihāyat shahr Amshīr 1000.-Juzʾ 2. Min awwal shahr Barmahāt ḥattá nihāyat al-sanah al-Qubṭīyah. 1051.</subfield>
  </datafield>
  <datafield tag="700" ind1="0" ind2=" ">
    <subfield code="a">Mikhāʼīl,</subfield>
    <subfield code="c">Bishop of Atrib and Maliq.</subfield>
  </datafield>
  <datafield tag="740" ind1="0" ind2="1">
    <subfield code="a">Sankasār.</subfield>
  </datafield>
  <datafield tag="955" ind1=" " ind2=" ">
    <subfield code="b">0045291470</subfield>
    <subfield code="d">glx</subfield>
    <subfield code="e">BX137.A5 A7 1969b</subfield>
    <subfield code="v">v.2</subfield>
  </datafield>
</record>
</collection>